1741 2936
200 101 254 138 12

196 224 320 268 Mero.
354 230 437 268 177
472 229 507 268 si
534 228 626 269 boni
656 228 751 282 quid
780 228 832 270 ad
860 230 902 270 te
933 231 1189 271 nuntiem..

198 296 322 338 Stich.
354 300 438 339 598
471 312 527 352 sq.
564 299 658 339 iube
689 299 796 339 domi
831 312 971 340 oenam
1001 300 1118 354 coqui
1150 302 1274 354 atque
1304 304 1358 345 ad
1390 303 1504 345 illum
1539 310 1641 346 νστ

476 371 667 410 nuntiari.
729 391 745 405 ο
1298 395 1300 399 ν
1550 391 1553 395 ·
1655 391 1673 416 μ

198 437 315 478 Truc.
347 437 419 478 IV.
449 441 484 478 1.
515 440 542 478 4
573 438 625 479 ad
650 451 715 479 me
742 450 910 492 magna
908 442 1117 483 nuntiavit
1146 441 1342 495 chyamus
1371 444 1552 497 gaudie.
1664 426 1741 477 ‘⁹³

194 507 278 548 Mil.
308 509 361 560 gl.
396 510 478 548 116
509 511 555 548 ut
586 521 676 548 eam
708 522 795 549 rem
826 509 879 550 ad
908 522 1023 550 erum
1053 513 1239 552 nuntiem.
1595 529 1598 532 ⁴
1670 518 1673 521 “

196 576 310 631 Capt.
341 579 426 618 360
457 590 562 630 quae
593 578 646 619 ad
675 581 834 633 patrem
863 580 926 620 vis
950 582 1161 632 nuntiari5
1190 581 1282 622 ibid.
1317 583 1401 623 384
1418 582 1463 635 ¹).
1485 597 1497 605 ··

194 643 302 687 rrin.
335 649 420 688 340
449 647 506 687 illi
536 648 672 703 prodit
698 649 825 689 vitam
855 649 909 690 aa
936 649 1150 691 miseriam.
1245 633 1249 643 '

194 716 308 769 Capt.
341 705 453 756 1029
481 717 534 757 ad
560 717 728 771 pudicos
757 731 891 758 mores
906 717 1027 771 faeta
1050 720 1150 760 haee
1179 721 1366 761 fabulast.

192 785 285 825 Aul.
315 784 393 826 III.
427 787 465 826 5.
496 789 551 827 23
582 786 701 826 nimis
731 786 865 841 lepide
882 786 990 840 feeit
1019 785 1137 829 verba
1166 788 1221 830 αῶ
1246 789 1540 843 parcimoniam.
1587 818 1589 820 .

192 855 316 897 Mero.
347 858 374 897 4
405 858 452 897 ut
482 858 561 898 sim
589 856 642 899 ad
670 871 738 899 vos
767 857 899 900 ἐπάσω.

192 926 275 968 Mss.
306 927 360 979 gl.
394 930 506 968 1112
538 928 591 969 acl
623 941 750 982 equas
771 927 903 981 fuisti
929 928 1054 969 scitus
1085 929 1358 970 admissarius.

192 997 284 1037 ibid.
317 999 369 1036 12
400 998 516 1049 (haut
539 998 672 1047 ausit)
702 1001 964 1053 aequiperare
996 1010 1093 1038 suas
1123 999 1298 1040 virtutes
1321 999 1382 1040 'ad
1407 1001 1510 1041 tuas.
1552 1022 1573 1026 *-
1644 1024 1650 1027 -

191 1066 283 1108 ibid.
316 1069 398 1109 801
433 1069 480 1108 ut
509 1081 602 1108 sese
637 1067 690 1109 ad
718 1081 812 1109 eum
842 1069 1109 1111 conciliarem.

335 1157 485 1198 Similis
517 1160 581 1199 est
610 1171 751 1213 praep.
782 1158 891 1215 apud
919 1173 1039 1200 usus:

192 1227 302 1269 Pers.
336 1232 418 1270 719
448 1228 600 1270 credidi
625 1232 792 1284 yratum
820 1230 905 1270 fore
934 1229 1171 1271 beneficium
1199 1243 1336 1271 meum
1367 1233 1463 1286 aput
1489 1230 1541 1271 te.
1567 1284 1568 1289 1

194 1299 309 1353 Capt.
343 1302 427 1340 412
469 1314 591 1354 quom
621 1303 718 1356 aput
746 1301 853 1341 huno
882 1300 1084 1352 confessus
1115 1314 1159 1341 es
1194 1302 1236 1341 et
1269 1314 1402 1353 genus
1431 1302 1474 1341 et
1498 1300 1598 1353 divi-

473 1371 551 1412 tias
581 1383 705 1411 meas.
1556 1368 1559 1370 ’

191 1440 284 1480 ibid.
319 1444 402 1480 714
431 1443 596 1480 essetne
624 1443 790 1495 aput'te
820 1441 855 1480 is
887 1454 1029 1480 servos
1059 1439 1397 1495 acceptissumus?

194 1508 292 1551 cist.
319 1509 351 1550 I.
382 1513 418 1551 1.
452 1512 536 1551 100
562 1511 715 1552 iuravit
740 1509 848 1565 apud
877 1512 1049 1551 matrem
1078 1522 1219 1550 meam.
1418 1510 1420 1513 ’

193 1579 340 1620 Pseud.
376 1582 460 1621 694
487 1580 620 1620 duloia
647 1585 770 1633 atque
800 1569 937 1638 amara
968 1582 1066 1635 aput
1096 1581 1138 1620 te
1168 1594 1259 1621 eum
1286 1580 1472 1621 elocutus.

193 1650 314 1691 Poen.
345 1650 377 1691 Ι.
411 1654 446 1691 1.
473 1653 529 1691 24
560 1663 632 1691 our
662 1663 739 1703 ego
766 1653 863 1705 aput
893 1652 934 1690 te
962 1648 1162 1691 mentiar?

195 1720 304 1760 Trin.
335 1722 415 1761 831
470 1732 630 1773 semper
680 1719 871 1760 mendicis*
922 1719 1092 1760 modesti
1131 1720 1230 1769 sint,
1291 1731 1409 1758 secus
1457 1715 1601 1772 nobilis

477 1791 575 1845 aput
601 1788 796 1830 homines.

335 1879 504 1922 Praeter
534 1880 771 1933 genetivum
802 1883 844 1919 et
869 1879 1051 1919 dativum
1081 1879 1201 1919 etiam
1234 1879 1401 1919 aliorum
1435 1884 1603 1936 casuum

194 1949 325 1990 vicem
363 1950 685 2003 praepositiones
716 1950 952 2002 funguntur.
1017 1948 1235 1991 Ablativus
1267 1949 1526 1989 instrumenti
1561 1947 1604 1988 in

194 2019 347 2071 linguis
375 2018 607 2066 Romaniois
643 2019 884 2072 exprimitur
919 2018 1157 2074 plerumque
1197 2020 1269 2058 aut
1305 2017 1603 2072 praepositione
1686 2023 1689 2025 '

195 2087 243 2129 de
282 2090 354 2129 aut
391 2103 482 2130 eum
522 2089 585 2140 (cf.
617 2088 738 2140 Diez,
776 2102 836 2141 gr.
873 2086 950 2128 111.
994 2089 1105 2140 160).
1185 2086 1412 2143 Utrumque
1451 2080 1604 2157 passim
1657 2089 1661 2093 ’

195 2159 305 2213 apud
334 2157 523 2198 Plautum
553 2158 743 2198 recurrit.
1673 2157 1676 2159 ’

195 2228 342 2269 Pseud.
372 2229 455 2269 756
485 2228 689 2269 hominem
722 2242 813 2285 eum
843 2228 1089 2268 ornamentis
1121 2226 1305 2268 omnibus
1336 2220 1592 2289 eoeomatumst

197 2299 313 2340 Cure.
345 2301 430 2340 289
460 2299 654 2340 incedunt
682 2298 957 2355 suffarcinati
967 2312 1058 2341 eum
1087 2298 1221 2349 libris,
1250 2312 1341 2340 oum
1372 2296 1590 2357 sportulis.
1632 2340 1642 2344 ,
1667 2338 1669 2342 ,
1721 2291 1723 2293 ’

197 2369 335 2423 Frgm.
358 2383 408 2424 p.
404 2371 530 2411 1246
551 2364 642 2413 eum
663 2370 793 2423 virgis
814 2382 977 2411 caseum
997 2368 1095 2412 radi
1116 2371 1254 2424 potest
1274 2349 1392 2421 (Non
1408 2368 1504 2418 200,
1525 2369 1605 2422 11).

342 2555 376 2601 1)
402 2558 520 2590 contra
542 2554 624 2589 ibid.
652 2558 719 2589 400
744 2554 909 2599 numquid
938 2554 1025 2588 aliut
1049 2554 1101 2588 vis
1126 2553 1224 2598 patri
1254 2549 1442 2588 nuntiem-i?
