1741 2936
148 233 215 270 tur
245 231 286 270 in
315 233 553 282 consuetas,
581 232 709 272 veluti
735 231 969 271 nominativi
999 231 1099 272 decl.
1116 233 1170 274 ΙΙ.
1201 232 1429 279 terminatio
1459 257 1508 263 —
1526 246 1554 294 0„
1582 234 1601 275 ‘f
1634 265 1696 280 .

150 302 325 342 vertitur
351 302 392 342 in
427 326 481 331 -
495 316 545 343 us
574 302 808 356 saepissime
837 302 879 342 in
908 302 1142 355 pronomine
1171 306 1285 359 ipsus
1302 308 1346 345 e.
1376 317 1409 345 ο,
1442 303 1563 363 'si-iq»,
1589 327 1591 329 -
1632 314 1741 377 5⁹³3

152 374 246 411 112.
280 374 376 412 363.
416 370 500 411 Mil.
531 372 584 423 gl.
618 373 742 411 1061.
779 372 903 412 1388.
934 370 1041 411 Men.
1071 373 1127 412 46
1161 372 1259 424 (ital.
1288 375 1408 428 εςεο).;
1444 375 1616 417 mm

150 441 277 481 semel
305 440 388 481 Mil.
417 441 472 494 gl.
506 443 617 482 1233
656 441 753 492 (ital.
793 440 903 482 lusit.
930 443 1029 494 esto,
1060 441 1106 482 cf.
1138 441 1258 495 Diez,
1290 456 1351 496 gr.
1378 442 1435 485 II.
1465 428 1550 497 80).

150 511 255 551 Item
283 511 492 551 mutantur
511 511 816 557 terminationes
845 524 937 563 gen.
966 534 1018 540 —
1032 513 1110 563 ius,
1123 512 1219 571 xdat.
1255 515 1346 554 —i.
1365 512 1554 575 >deolJ'Ia
1568 515 1587 560 -s
1672 515 1677 522 ⁸
1736 530 1740 538 *

148 582 220 621 isti
254 580 361 620 modi
402 579 518 620 Truc.
550 580 601 621 V.
637 582 712 630 38;
761 580 905 621 coloris
947 581 1032 622 ulli
1068 575 1160 622 ibid.
1190 581 1245 623 ΙΙ.
1281 584 1317 622 2.
1349 584 1426 632 38;
1471 584 1553 636 filio

147 650 259 699 (dat.)
292 648 414 689 Stich.
447 651 514 689 80.
546 651 653 699 596;
697 650 776 690 dat.
805 651 895 690 fem.
923 651 1030 691 azzae
1059 650 1144 691 Mil.
1173 652 1228 705 gl.
1259 653 1364 702 8023
1402 652 1554 706 actem
1619 638 1632 646 ”
1671 668 1690 681 .‚
1711 674 1722 695 2

146 718 253 759 Rud.
283 720 388 768 7503
427 719 536 761 solae
565 719 649 761 Mil.
681 720 734 774 gl.
768 721 863 761 356.
900 722 1036 770 1019;
1073 716 1323 776 totae‘frgmi
1348 736 1386 777 p.
1421 723 1552 772 1252;
1607 761 1609 763 ,
1646 713 1685 760 “25-
1719 732 1722 736 ⁴

147 804 215 831 eae
244 790 328 830 Mil.
366 791 419 843 gl.
458 793 563 840 348;
580 818 583 822 -
601 791 706 833 sieut
741 791 823 832 ital.
870 792 972 845 hisp.
1018 791 1127 832 lusit.
1167 793 1205 834 le
1244 793 1339 844 (dat.
1369 807 1429 846 sg.
1460 794 1550 842 sem.

146 872 257 913 pron.
294 856 417 913 pers.)
454 860 605 899 factum
636 863 701 900 est
726 874 779 900 ex
807 861 875 900 lat.
912 861 1011 901 illae
1039 874 1112 914 pro
1142 862 1234 912 illi,
1268 862 1315 902 cf.
1341 862 1552 917 Diez,ffgr.
1597 879 1600 880 ⁷
1664 882 1693 887 ·’

146 928 200 968 Π.
235 931 301 969 78.
326 929 406 969 lex.
434 943 472 983 p.
509 932 592 971 130
622 943 652 969 s.
682 944 719 970 v.
752 930 845 983 egli.
890 956 932 962 -
991 929 1085 971 Huc
1113 931 1291 985 pertinet
1314 932 1438 974 etiam
1473 934 1552 974 ter-

147 998 313 1038 minatio
345 1012 459 1039 —us
487 999 529 1039 in
557 1013 718 1040 sooerus
745 1015 795 1033 =
825 1012 940 1039 socer
954 999 985 1050 1)
1018 999 1126 1040 Men.
1155 1001 1252 1041 957.
1292 999 1384 1042 Cas.
1413 1001 1486 1042 IV.
1513 1005 1552 1047 2.
1604 999 1619 1035 ss
1657 973 1675 1035 -χ

150 1070 216 1107 18.
251 1069 294 1107 et
322 1081 468 1108 vocum
497 1068 539 1109 in
570 1082 684 1110 —er
715 1069 1019 1109 terminantium
1044 1069 1257 1110 vocativus
1287 1070 1329 1109 in
1359 1084 1469 1120 -ε,
1505 1072 1553 1110 ut

149 1138 386 1191 saepissime
407 1152 538 1193 puero
568 1140 628 1191 (-·-
660 1141 777 1193 puer)
805 1138 926 1179 Most.
950 1141 1046 1180 308.
1063 1140 1158 1180 965.
1191 1138 1315 1188 Merc.
1338 1142 1432 1181 910.
1457 1141 1550 1182 930.

147 1208 293 1249 Bacch.
325 1211 422 1249 577.
464 1208 578 1250 Asin.
609 1211 704 1250 382.
738 1211 833 1249 891.
875 1208 992 1251 Curc.
1026 1211 1091 1250 75.
1151 1210 1376 1251 Vocativus
1406 1210 1449 1251 in
1477 1211 1550 1260 lin-¹

147 1279 241 1333 guis
273 1278 504 1319 Romanicis
534 1280 727 1319 universe
757 1282 870 1319 earet
903 1280 1066 1333 propria
1103 1279 1252 1329 forma;
1293 1279 1477 1323 similiter
1505 1282 1570 1335 ut*

146 1347 317 1388 Plautus
354 1350 587 1389 vocativum
634 1349 840 1389 interdum
881 1348 1082 1401 significat
1126 1349 1395 1401 nominativo,
1453 1362 1488 1389 e.
1518 1362 1550 1389 c.

146 1430 259 1457 meus
288 1418 440 1458 ocellus
466 1417 580 1458 Asin.
604 1420 710 1468 664,
742 1418 892 1459 ocellus
923 1431 1071 1459 aureus
1099 1418 1191 1458 ibid.
1223 1420 1330 1468 691,
1356 1417 1551 1461 dierectus

145 1485 269 1528 Merc.
305 1489 400 1529 183.
431 1488 525 1529 756.

287 1565 459 1606 Maximi
497 1567 689 1606 momenti
723 1566 765 1605 in
804 1566 959 1618 linguis
995 1565 1227 1606 Romanicis
1271 1566 1350 1606 fuit
1385 1579 1549 1607 casuum

132 1634 450 1688 formandorum
479 1636 593 1677 ratio.
654 1625 811 1689 Nempe
843 1649 932 1676 cum
964 1636 1007 1675 in
1035 1636 1098 1676 his
1128 1634 1340 1676 declinatio
1367 1648 1441 1689 per
1469 1637 1548 1676 ter-

144 1704 387 1745 minationes
422 1706 677 1757 evanuisset,
723 1718 843 1745 casus
881 1705 1134 1757 significandi
1171 1705 1288 1745 erant
1322 1717 1399 1758 ope
1434 1711 1547 1758 prae-

143 1775 389 1827 positionum
420 1778 515 1816 ante
546 1775 803 1816 substantiva
842 1775 1077 1829 positarum.
1145 1773 1343 1815 Eiusdem
1379 1774 1547 1817 rationis

141 1844 257 1884 initia
285 1846 328 1883 et
354 1844 532 1897 vestigia
569 1845 650 1885 iam
687 1845 729 1884 in
768 1857 953 1885 sermone
983 1844 1256 1885 Romanorum
1274 1869 1276 1872 >
1293 1843 1442 1884 rustico
1479 1856 1547 1898 ap-

137 1917 308 1969 parent,
337 1916 383 1956 cf.
410 1915 535 1966 Diez,
564 1929 624 1968 gr.
656 1915 710 1957 Π.
742 1918 795 1957 13
818 1929 877 1968 sq.
938 1914 1007 1956 Ex
1036 1915 1197 1957 casibus
1226 1913 1442 1969 praecipue
1471 1914 1549 1956 huc

141 1984 350 2037 pertinent
384 1986 589 2039 yenativus
617 1987 661 2024 et
701 1985 859 2025 dativus
866 2015 887 2034 ‚.
919 1984 990 2023 ille
1028 1984 1278 2036 significatus
1302 1983 1361 2042 ,in
1398 1982 1548 2035 linguis

141 2052 374 2094 Romanicis
402 2039 701 2108 praepositione
733 2054 803 2104 de,
846 2053 912 2094 hic
942 2065 1079 2108 praep.
1110 2053 1164 2095 ad
1193 2053 1258 2106 (cf.
1285 2050 1432 2103 Fuehs,
1462 2052 1486 2095 l.
1514 2065 1545 2094 c.

284 2262 318 2304 1)
351 2262 534 2295 Primitiva
563 2262 673 2296 forma
709 2265 761 2295 est
795 2274 963 2303 soceros,
1014 2274 1113 2307 quam
1147 2264 1373 2306 apocopatam
1403 2271 1476 2294 esse
1510 2260 1547 2295 in
1578 2279 1581 2282 ν

140 2329 245 2353 socer
278 2319 454 2363 colligitur
487 2331 538 2363 gr.
573 2317 759 2368 ἑκυρό--ς
794 2336 841 2349 =
872 2331 998 2357 sanser.
1034 2330 1281 2364 evaeum—n
1315 2318 1357 2355 cf.
1391 2328 1478 2363 ager
1501 2332 1547 2351 =

140 2374 273 2424 ἀγρός,
310 2379 520 2413 Alexander
552 2394 599 2408 =
631 2377 873 2425 Ἀλέξανδρος.
916 2398 963 2404 -—-
1025 2378 1183 2413 Ceterum
1212 2378 1314 2412 etiam
1347 2371 1548 2416 nomin'ativi
1598 2398 1600 2400 ·

140 2435 251 2469 forma
272 2437 472 2480 moriyerus
492 2437 783 2471 commemoranda
803 2434 875 2479 est,
908 2449 985 2471 cum
1009 2441 1121 2471 cetera.
1146 2442 1280 2479 compp.
1304 2434 1400 2468 verbi
1420 2443 1548 2484 yerovje
1574 2437 1577 2439 ⁷

141 2494 380 2527 terminatione
421 2513 467 2518 —
507 2506 549 2528 us
582 2498 729 2532 careant,
792 2494 969 2529 Invenitur
1004 2496 1088 2530 haec
1121 2496 1232 2529 forma
1263 2493 1355 2537 apud
1386 2492 1547 2528 Plautum
1619 2521 1625 2524 .

141 2550 240 2593 capt.
267 2555 345 2587 966.
370 2551 468 2585 Cure.
496 2556 572 2587 169.
598 2553 701 2596 Epid.
727 2553 769 2589 V.
797 2557 825 2589 1.
854 2557 883 2589 1.
