1741 2936
1532 109 1558 147 3

828 145 832 163 1

380 236 476 290 sibi
516 219 721 290 proponat.
799 233 999 287 Equidem
1032 232 1176 274 Plauti
1189 232 1220 284 ¹)
1258 233 1412 273 fabulas
1451 233 1560 285 eleg-i

163 308 259 372 ξμς
255 289 403 357 :mente
428 304 764 361 perscrutandas,
794 306 841 344 ut
864 302 1102 356 indagarem
1130 302 1279 343 formas
1299 305 1341 343 et
1367 303 1559 343 formulas

146 374 315 440 'lngule
343 374 574 417 Romanicis
604 373 811 430 proprias3
835 386 909 413 nec
940 373 1212 427 spernendum
1240 372 1281 413 id
1309 373 1559 427 propositum

148 447 250 501 ᾖ
269 446 440 505 Dmius
468 446 510 487 in
540 443 803 498 grammatica
833 443 878 483 L.
907 442 1024 484 Rom.
1055 444 1087 484 I.
1123 457 1161 497 p.
1192 445 1231 485 4.
1269 443 1559 497 pronunciavit.

73 569 75 574 Ι
120 505 325 574 ,1--3Eeque
337 518 434 558 vero
466 515 629 557 videtur
658 513 769 567 posci
799 525 940 567 posse,
978 514 1025 553 ut
1056 512 1283 566 singulares
1312 527 1456 554 vocum
1482 514 1559 554 for-

64 572 97 612 3*
128 588 293 638 mae,
319 599 426 640 quae·
456 586 621 638 linguae
655 582 888 625 recentioris
928 584 1041 633 sunt,
1080 596 1135 624 ex
1171 583 1407 637 antiquitate
1446 598 1560 638 repe-

128 653 326 711 tantur,
374 657 447 698 sed
486 656 621 709 potius
661 656 708 694 ut
742 653 936 708 principia
975 654 1276 695 convenientiae
1315 668 1418 707 quae
1455 656 1563 695 inter

102 765 112 772 ,,
138 721 142 725 ’
164 727 361 801 Latinam
367 729 423 767 et
452 726 614 779 linguas
643 724 883 765 Romanicas
909 724 1123 765 intercedit
1147 727 1430 766 monstrentur.

148 789 149 792 ¹
306 795 629 850 Uniuscuiusque
661 795 856 836 sermonis
881 795 1027 848 plebeii
1047 795 1158 836 -ratio
1179 795 1357 836 cernitur
1382 795 1422 836 in
1447 798 1560 848 quat-

73 913 75 916 ,
165 846 274 921 tuor
286 867 429 909 rebus:
469 867 641 920 primum
671 866 711 906 in
734 852 1078 920 pronuntiatione,
1112 866 1256 906 deinde
1286 866 1327 906 in
1357 867 1561 907 nominum

129 946 134 950 “
153 938 210 994 “et
237 918 450 978 verborum
481 936 761 987 declinatione,
787 937 874 975 tum
902 935 944 975 in
974 935 1259 975 vocabulorum
1276 935 1463 988 fabrica,
1492 950 1560 989 po-

148 1001 318 1063 sti-emo
355 1008 395 1048 in
434 1020 572 1047 eorum
609 1021 685 1048 usu
726 1011 768 1047 et
806 1008 1101 1049 constructione
1178 1005 1255 1047 His
1294 1009 1483 1060 quattuor
1521 1007 1561 1047 in

62 1118 77 1130 ⁵
106 1066 112 1073 ⁶
163 1078 372 1133 capitibus*
402 1077 569 1129 linguae
599 1077 772 1117 rusticae
815 1077 865 1116 ab
895 1076 1141 1117 eruditorum
1182 1090 1365 1117 sermone
1404 1078 1560 1118 duabus

13 1160 131 1185 ι
141 1147 409 1198 rationibu8‚
448 1159 551 1199 quae
583 1146 657 1186 sibi
692 1146 915 1186 contrariae
948 1146 1138 1186 videntur
1168 1159 1281 1197 esse,
1320 1147 1561 1201 discrepant,

10 1201 30 1221 Ἣ
167 1229 312 1271 nempe
348 1216 606 1257 contrahendo
639 1216 706 1255 vel
735 1215 1004 1270 corripiendo,
1035 1216 1291 1270 producendo
1319 1218 1386 1257 vel
1421 1218 1563 1272 ampli-

147 1286 342 1341 ·ficand05
391 1299 559 1339 quarum
601 1288 771 1338 utraque
810 1286 924 1339 vulgi
964 1286 1097 1327 studio
1137 1299 1255 1340 quam
1292 1288 1476 1327 facillime
1522 1291 1564 1328 et

156 1356 486 1398 *commodissime
514 1355 701 1408 loquendi
737 1355 984 1396 inserviebat
1001 1354 1043 1408 2).
1113 1355 1219 1397 Hinc
1249 1357 1397 1410 pendet
1424 1371 1560 1399 neces-

60 1440 64 1447 ·
123 1425 125 1427 ’
163 1427 321 1478 situdo,
359 1438 461 1479 quae
492 1425 597 1465 inter
634 1425 814 1478 linguam
846 1425 1118 1466 Romanorum
1150 1427 1340 1468 rusticam
1383 1428 1562 1486 linguas-

102 1540 106 1543 ,
168 1509 246 1550 que
287 1495 529 1536 Romanicas
570 1508 622 1535 ex
664 1496 738 1535 hac
775 1496 900 1536 factas
940 1495 1161 1537 intercedit.
1242 1496 1288 1537 [n
1330 1497 1561 1540 Romanicis

82 1557 113 1571 ”
169 1568 304 1618 autem
343 1566 578 1621 saepissime
616 1578 737 1606 voces
777 1567 827 1606 ob
870 1579 958 1606 eam
999 1579 1162 1607 causam
1200 1568 1433 1622 amplificari
1470 1584 1561 1615 con,-

167 1637 270 1686 stat,
300 1638 428 1677 utne
458 1635 576 1675 nimis
597 1637 886 1685 extenuentur3
918 1636 1031 1676 velut
1055 1637 1295 1677 vocabulum
1323 1641 1454 1681 minae
1482 1643 1562 1680 ter-

63 1711 67 1729 *
98 1720 100 1723 ’
168 1706 384 1747 minatione
420 1705 600 1746 detracta
649 1707 814 1758 propter
863 1706 1102 1746 brevitatem
1150 1707 1301 1759 linguis
1332 1709 1562 1751 Romanicis

103 1757 105 1760 Υ
168 1788 306 1829 paene·
326 1774 468 1815 inutile
497 1775 646 1814 factum
676 1778 871 1826 augetur,
912 1778 958 1815 ut
986 1776 1213 1816 invenimus
1240 1780 1347 1831 apud
1378 1780 1563 1821 Plautum

114 1844 115 1847 '
136 1855 141 1859 ’
169 1840 387 1895 minaoiae,'
412 1845 487 1896 frg.
518 1858 693 1894 menaoe,
720 1845 800 1885 ital.
825 1848 1040 1897 minaocia,
1073 1846 1174 1900 hisp.
1196 1849 1431 1903 amenaza3).
1468 1851 1563 1892 Pro-

247 1988 253 1993 '
313 1990 345 2034 1)
372 1991 504 2032 Fuchs,
527 1992 549 2027 1,
578 2002 605 2029 c,
629 2003 662 2035 p.
688 1995 731 2026 35
756 1995 825 2029 not.
854 1997 914 2027 84:
953 1994 1053 2035 „Ein
1069 1996 1320 2040 Herausyeber
1337 1998 1399 2032 des
1415 2000 1564 2034 Plautus

163 2057 266 2085 muse
297 2048 475 2083 duo-chaus
507 2051 569 2083 mit
601 2051 668 2083 den
700 2051 960 2085 Ronmnischen
995 2053 1179 2095 Sprachen
1211 2059 1371 2089 verto-aue
1403 2059 1519 2093 sein.“

311 2104 346 2147 2)
372 2098 501 2147 Finem,
526 2107 548 2140 1.
573 2117 601 2142 c.
626 2118 660 2151 p.
686 2111 763 2142 309.
790 2111 867 2143 310.

312 2163 348 2203 3)
370 2164 417 2195 At
440 2164 505 2197 hoo
529 2175 635 2207 genus
670 2164 930 2207 productionum
954 2178 1020 2199 non
1054 2168 1090 2199 in
1120 2169 1192 2201 sola
1218 2173 1478 2212 permutatione
1503 2184 1564 2206 so—

171 2227 298 2252 norum
331 2223 504 2262 versatur3
543 2222 647 2256 immo
681 2234 761 2257 vero
797 2224 833 2256 in
862 2235 901 2257 eo
934 2226 1143 2267 conspicitur
1179 2227 1344 2261 dictionis
1381 2231 1566 2263 navandae

72 2274 77 2282 ¹
98 2276 101 2279 ”
122 2286 125 2288 ’
171 2285 242 2312 non
265 2284 398 2319 semper
422 2278 505 2311 utile
530 2282 564 2311 et
588 2280 799 2313 commodum
825 2281 982 2316 studium
1037 2283 1143 2315 Stilus
1176 2284 1265 2316 enim
1298 2285 1356 2317 ubi
1386 2286 1564 2320 hebescere

0 2328 28 2348 ”’
64 2356 74 2374 4
168 2335 207 2365 -et
228 2333 388 2377 lang-uere
420 2335 563 2377 incipit,
600 2337 770 2381 simplicia
802 2342 835 2371 et
867 2340 1023 2372 breviora
1056 2351 1256 2384 quamquam
1290 2344 1435 2386 optimae
1466 2348 1565 2378 notae

0 2398 114 2421 z.)
145 2382 147 2385 Α
165 2378 337 2439 voeabula
364 2391 578 2436 longioribus
619 2396 883 2439 posthabentur,
918 2400 1068 2441 quamvis
1103 2400 1217 2433 eadem
1252 2402 1297 2433 sit
1324 2403 1566 2437 vocabulorum

124 2454 136 2468 >¹
170 2435 334 2494 potestas.
383 2449 459 2488 Quo
482 2452 591 2495 magis
617 2453 704 2485 enim
729 2464 846 2487 sensus
871 2458 905 2487 et
928 2456 1092 2499 cogitatio
1118 2457 1295 2500 dilabitur,
1323 2470 1362 2492 eo
1385 2461 1566 2504 ampliores

77 2498 81 2506 ’
110 2530 112 2532 >
137 2507 141 2510 ”
171 2503 259 2542 flunt
289 2509 469 2542 verborum
500 2510 642 2544 sonitus.
705 2511 807 2545 Velut
839 2512 907 2556 frg.
939 2517 1152 2559 r—emplir
1185 2515 1289 2560 (re-
1298 2518 1472 2564 implere),
1505 2529 1567 2553 ac-

172 2567 324 2618 'eomir
348 2566 677 2613 (ad—complere),
707 2582 727 2603 r
743 2590 788 2595 -
804 2582 970 2605 euvei-ser
1004 2573 1098 2617 (fi-eq.
1131 2575 1226 2607 verbi
1262 2587 1298 2608 re
1313 2596 1358 2601 —
1371 2578 1566 2622 invertere),

1216 2634 1288 2673 135
