1741 2936
744 629 907 682 GAP.
946 630 987 670 1.

317 751 448 804 De*
488 770 793 805 vocum·
833 752 1414 803 declinatione..

618 916 662 958 1.
724 913 794 957 De
823 913 1114 958 nominibus.

573 1043 613 1091 a)
671 1039 743 1080 De
783 1039 1151 1080 substantivis.

279 1130 633 1172 substantivorum
662 1142 834 1170 necesse
855 1132 921 1170 est
940 1129 1217 1169 consideretur
1236 1129 1408 1182 primum
1425 1142 1563 1183 yenuS,

165 1200 311 1242 deinde
341 1200 562 1242 declinatio.

195 1302 199 1304 >
284 1273 320 1309 1.
380 1269 442 1308 De
466 1283 609 1323 genere
637 1282 704 1308 res
734 1268 976 1320 gravissima.
1002 1268 1348 1321 commemoljanda
1380 1270 1454 1307 est.
1515 1268 1566 1307 In

166 1339 346 1380 omnibus
384 1339 491 1379 enim
532 1338 682 1391 linguis
716 1338 944 1378 Romanicis
981 1351 1109 1393 genus
1147 1340 1332 1379 neutrum
1371 1337 1566 1391 paucissi-

164 1409 244 1449 mis
270 1409 429 1449 tantum
453 1408 641 1460 vestigiis
663 1408 845 1461 exceptis
874 1407 1040 1447 evanuit
1060 1408 1102 1447 et
1130 1408 1172 1447 in
1196 1408 1430 1447 universum
1458 1409 1567 1447 tran-

99 1531 102 1534 ,
165 1477 233 1518 siit
261 1478 303 1518 in
329 1490 457 1532 yenus
485 1478 775 1528 masculinum;
803 1477 850 1518 cf.
879 1476 1006 1527 Diez,
1038 1490 1099 1530 gr.
1130 1476 1184 1517 II.
1212 1479 1250 1516 4.
1329 1477 1444 1517 Idem
1469 1489 1567 1517 non-

164 1540 372 1601 nunqnam
408 1547 449 1587 in
485 1548 649 1600 antiquo
679 1560 865 1588 sermone
894 1548 1056 1587 veteres
1089 1547 1375 1597 observarunt,
1412 1550 1457 1587 ut
1484 1546 1567 1587 No-

105 1678 107 1681 .
164 1618 257 1659 nius
277 1616 506 1668 Marcellus,
532 1630 618 1671 cap.
639 1616 716 1658 III.
738 1618 788 1657 de
819 1617 1049 1658 indiscretis
1079 1617 1307 1671 generibus.
1364 1615 1567 1670 Exempla

110 1693 111 1696 ’
166 1700 271 1742 quae
300 1689 445 1728 extant
475 1688 583 1740 apud.
598 1687 798 1732 ,Plautum
816 1687 847 1737 1)
879 1688 975 1727 sunt
997 1688 1115 1727 haec:
1150 1679 1269 1728 aevias
1297 1686 1416 1726 Poen.
1448 1687 1498 1726 V.
1530 1689 1568 1734 4,

58 1784 63 1788 -
124 1807 127 1811 Ι
168 1758 245 1807 14“;
283 1759 419 1798 corius
454 1757 572 1809 frgm.
612 1770 650 1810 p.
685 1758 809 1797 1252.
848 1756 969 1798 Poen.
1002 1758 1034 1799 I.
1074 1761 1110 1798 1.
1140 1760 1216 1806 11;
1256 1757 1384 1798 collus
1422 1756 1567 1811 Amph.

167 1828 264 1868 445.
307 1825 420 1879 Oapt.
454 1828 549 1867 357.
585 1828 689 1883 9023
736 1826 881 1868 dorsus
920 1826 1003 1867 Mil.
1042 1827 1097 1879 gL
1130 1829 1233 1876 3973
1287 1829 1423 1881 teryus
1454 1826 1566 1867 Asin.

166 1898 274 1946 3193
316 1898 448 1938 viscus
478 1895 621 1936 Bacch.
653 1898 728 1945 50;
762 1909 1004 1951 papaverem
1044 1896 1152 1937 Trin.
1185 1899 1281 1937 410.
1313 1896 1431 1938 Poen.
1464 1896 1496 1937 I.
1529 1900 1566 1937 2.

168 1968 274 2016 113;
316 1968 519 2021 ¹qutiurem
540 1965 655 2006 Trin.
689 1968 812 2007 1014.
861 1965 945 2015 Mil.
977 1966 1030 2019 gl.
1062 1968 1159 2008 835.
1210 1966 1303 2007 Aul.
1334 1966 1390 2007 II.
1421 1970 1458 2007 4.
1491 1969 1567 2017 253

169 2036 312 2079 lactem
353 2036 444 2077 fem.
474 2035 617 2077 Bacch.
638 2035 688 2077 V.
717 2039 753 2077 2.
774 2036 854 2077 16.
887 2036 1007 2077 Tbm:
1051 2049 1156 2090 quae
1178 2050 1254 2078 nec
1283 2038 1425 2079 lactem
1455 2038 1570 2088 (lacte

101 2125 104 2127 ¹
130 2121 133 2124 ·
165 2104 384 2160 Bitschel.)
433 2119 509 2148 nec
546 2107 680 2148 lanam
717 2106 842 2148 ullam
879 2108 1030 2149 habent
1086 2108 1148 2159 (cf.
1188 2108 1289 2162 hisp
1323 2108 1431 2150 leche
1466 2108 1569 2158 fem.5

86 2172 89 2175 “
165 2175 274 2237 lusit.
315 2176 408 2225 leite
445 2191 497 2218 m.
537 2176 648 2218 Diez.
689 2191 749 2230 gr.
788 2176 820 2218 I.
853 2180 917 2219 19.
946 2177 1001 2218 H.
1033 2180 1104 2229 21)
1141 2181 1265 2220 retem
1291 2177 1397 2218 Rud.
1427 2177 1500 2218 IV.
1530 2181 1567 2218 3.

167 2232 242 2288 45.
265 2245 397 2295 Tbm,:
447 2247 516 2286 ubi
557 2248 699 2287 demisi
745 2251 868 2289 retem
917 2250 1038 2302 atque
1090 2249 1251 2288 hamum
1302 2248 1567 2299 (Fleckeisen

0 2291 59 2347 ἶν’.
105 2365 111 2367 .
152 2323 205 2357 v,
237 2318 331 2358 984.
369 2317 473 2366 rete)
514 2317 560 2357 cf.
594 2317 709 2368 Pott,
750 2317 935 2358 Ztschrft.
974 2318 999 2360 f.
1031 2318 1159 2371 vergl.
1203 2317 1307 2372 Sprf.
1340 2319 1371 2359 Ῑ·
1408 2332 1444 2373 Ρ·
1469 2320 1566 2359 401·

232 2526 259 2536 ,»
311 2502 345 2547 1)
373 2503 553 2537 Plautinos
577 2502 670 2537 locos
693 2503 869 2538 laudamus
893 2504 1019 2548 partim
1046 2505 1226 2539 secundum
1250 2505 1458 2546 anscherii,
1486 2517 1567 2550 par-

118 2568 133 2601 ἡ
148 2589 152 2592 ,
165 2559 228 2594 tim
253 2560 436 2595 secundum
461 2561 680 2596 Fleckeiseni
705 2562 758 2596 vel
787 2561 1009 2597 Taubmmmi
1030 2563 1074 2607 (a.
1105 2562 1208 2608 1612)
1232 2563 1410 2600 editiones,
