<?xml version="1.0" encoding="UTF-8"?>
<!DOCTYPE html PUBLIC "-//W3C//DTD XHTML 1.0 Transitional//EN"
    "http://www.w3.org/TR/xhtml1/DTD/xhtml1-transitional.dtd">
<html xmlns="http://www.w3.org/1999/xhtml" xml:lang="en" lang="en">
 <head>
  <title>
</title>
<meta http-equiv="Content-Type" content="text/html;charset=utf-8" />
  <meta name='ocr-system' content='tesseract 3.04.00' />
  <meta name='ocr-capabilities' content='ocr_page ocr_carea ocr_par ocr_line ocrx_word'/>
</head>
<body>
  <div class='ocr_page' id='page_1' title='image "4738021_0033.png"; bbox 0 0 1741 2936; ppageno 0'>
   <div class='ocr_carea' id='block_1_1' title="bbox 176 119 230 158">
    <p class='ocr_par' dir='ltr' id='par_1_1' title="bbox 176 119 230 158">
     <span class='ocr_line' id='line_1_1' title="bbox 176 119 230 158; baseline 0.019 -1"><span class='ocrx_word' id='word_1_1' title='bbox 176 119 230 158; x_wconf 81' lang='lat'>16</span> 
     </span>
    </p>
   </div>
   <div class='ocr_carea' id='block_1_2' title="bbox 1593 0 1741 223">
    <p class='ocr_par' dir='ltr' id='par_1_2' title="bbox 1593 0 1741 223">
     <span class='ocr_line' id='line_1_2' title="bbox 1593 0 1741 223; baseline 0 2713"><span class='ocrx_word' id='word_1_2' title='bbox 1593 0 1741 223; x_wconf 95' lang='lat' dir='ltr'> </span> 
     </span>
    </p>
   </div>
   <div class='ocr_carea' id='block_1_3' title="bbox 175 221 1628 298">
    <p class='ocr_par' dir='ltr' id='par_1_3' title="bbox 175 214 1741 302">
     <span class='ocr_line' id='line_1_3' title="bbox 175 221 1628 298; baseline 0.003 -17"><span class='ocrx_word' id='word_1_3' title='bbox 175 242 268 282; x_wconf 86' lang='lat' dir='ltr'><strong>ibid.</strong></span> <span class='ocrx_word' id='word_1_4' title='bbox 295 245 380 283; x_wconf 88' lang='grc'>493</span> <span class='ocrx_word' id='word_1_5' title='bbox 415 256 472 296; x_wconf 87' lang='lat' dir='ltr'>sq.</span> <span class='ocrx_word' id='word_1_6' title='bbox 522 229 651 296; x_wconf 67' lang='lat' dir='ltr'>aeqiio</span> <span class='ocrx_word' id='word_1_7' title='bbox 698 242 905 283; x_wconf 88' lang='lat' dir='ltr'>mendicus</span> <span class='ocrx_word' id='word_1_8' title='bbox 955 244 1076 296; x_wconf 84' lang='lat' dir='ltr'>atque</span> <span class='ocrx_word' id='word_1_9' title='bbox 1124 244 1198 285; x_wconf 78' lang='lat' dir='ltr'>ille</span> <span class='ocrx_word' id='word_1_10' title='bbox 1226 221 1587 298; x_wconf 56' lang='lat' dir='ltr'>&gt;opulentissumus</span> <span class='ocrx_word' id='word_1_11' title='bbox 1622 222 1628 255; x_wconf 11' lang='grc' dir='ltr'>’γ</span> 
     </span>
    </p>
   </div>
   <div class='ocr_carea' id='block_1_4' title="bbox 134 312 1576 854">
    <p class='ocr_par' dir='ltr' id='par_1_4' title="bbox 134 312 1565 854">
     <span class='ocr_line' id='line_1_4' title="bbox 457 312 1473 356; baseline 0 -4"><span class='ocrx_word' id='word_1_12' title='bbox 457 314 645 353; x_wconf 85' lang='lat' dir='ltr'>censetur</span> <span class='ocrx_word' id='word_1_13' title='bbox 675 324 800 353; x_wconf 85' lang='lat' dir='ltr'>censu</span> <span class='ocrx_word' id='word_1_14' title='bbox 830 312 881 352; x_wconf 86' lang='lat' dir='ltr'>ad</span> <span class='ocrx_word' id='word_1_15' title='bbox 911 312 1184 354; x_wconf 82' lang='lat' dir='ltr'><strong>Acheruntem</strong></span> <span class='ocrx_word' id='word_1_16' title='bbox 1213 317 1473 356; x_wconf 86' lang='lat' dir='ltr'>mortuos..</span> 
     </span>
     <span class='ocr_line' id='line_1_5' title="bbox 172 381 929 434; baseline 0.001 -13"><span class='ocrx_word' id='word_1_17' title='bbox 172 382 264 422; x_wconf 88' lang='lat' dir='ltr'><strong>ibid.</strong></span> <span class='ocrx_word' id='word_1_18' title='bbox 297 381 380 423; x_wconf 83' lang='lat'>245</span> <span class='ocrx_word' id='word_1_19' title='bbox 413 386 534 434; x_wconf 84' lang='lat' dir='ltr'>atque</span> <span class='ocrx_word' id='word_1_20' title='bbox 564 382 619 422; x_wconf 93' lang='lat' dir='ltr'>ibi</span> <span class='ocrx_word' id='word_1_21' title='bbox 646 382 721 422; x_wconf 78' lang='lat' dir='ltr'>ille</span> <span class='ocrx_word' id='word_1_22' title='bbox 750 382 929 422; x_wconf 77' lang='lat' dir='ltr'>cuculus.</span> 
     </span>
     <span class='ocr_line' id='line_1_6' title="bbox 172 451 1425 505; baseline 0.002 -13"><span class='ocrx_word' id='word_1_23' title='bbox 172 452 264 493; x_wconf 89' lang='lat' dir='ltr'>ibid.</span> <span class='ocrx_word' id='word_1_24' title='bbox 297 454 380 493; x_wconf 84' lang='lat'>926</span> <span class='ocrx_word' id='word_1_25' title='bbox 411 451 507 505; x_wconf 89' lang='lat' dir='ltr'>quid</span> <span class='ocrx_word' id='word_1_26' title='bbox 536 451 610 492; x_wconf 80' lang='lat' dir='ltr'>ille</span> <span class='ocrx_word' id='word_1_27' title='bbox 641 464 741 504; x_wconf 90' lang='lat' dir='ltr'>ergo</span> <span class='ocrx_word' id='word_1_28' title='bbox 771 451 1077 504; x_wconf 80' lang='lat' dir='ltr'>ignavissumus</span> <span class='ocrx_word' id='word_1_29' title='bbox 1105 451 1160 493; x_wconf 92' lang='lat' dir='ltr'>mi</span> <span class='ocrx_word' id='word_1_30' title='bbox 1188 452 1425 495; x_wconf 78' lang='lat' dir='ltr'><strong>latitabat?</strong></span> 
     </span>
     <span class='ocr_line' id='line_1_7' title="bbox 134 521 1576 595; baseline 0.002 -33"><span class='ocrx_word' id='word_1_31' title='bbox 134 564 139 568; x_wconf 74' lang='grc'><strong>,</strong></span> <span class='ocrx_word' id='word_1_32' title='bbox 173 522 280 562; x_wconf 85' lang='lat' dir='ltr'>Men.</span> <span class='ocrx_word' id='word_1_33' title='bbox 309 525 375 562; x_wconf 90' lang='grc'>26.</span> <span class='ocrx_word' id='word_1_34' title='bbox 408 523 462 561; x_wconf 91' lang='grc'>28</span> <span class='ocrx_word' id='word_1_35' title='bbox 512 521 667 575; x_wconf 87' lang='lat' dir='ltr'><strong>inponit</strong></span> <span class='ocrx_word' id='word_1_36' title='bbox 705 522 958 573; x_wconf 83' lang='lat' dir='ltr'>geminorum</span> <span class='ocrx_word' id='word_1_37' title='bbox 1008 523 1181 563; x_wconf 86' lang='lat' dir='ltr'>alterum</span> <span class='ocrx_word' id='word_1_38' title='bbox 1219 523 1409 563; x_wconf 83' lang='lat' dir='ltr'>innavem</span> <span class='ocrx_word' id='word_1_39' title='bbox 1447 524 1576 595; x_wconf 75' lang='lat' dir='ltr'>pater,</span> 
     </span>
     <span class='ocr_line' id='line_1_8' title="bbox 452 590 1509 645; baseline 0 -14"><span class='ocrx_word' id='word_1_40' title='bbox 452 591 576 631; x_wconf 77' lang='lat' dir='ltr'>illum</span> <span class='ocrx_word' id='word_1_41' title='bbox 605 590 769 643; x_wconf 88' lang='lat' dir='ltr'>reliquit</span> <span class='ocrx_word' id='word_1_42' title='bbox 800 592 972 632; x_wconf 74' lang='lat' dir='ltr'>alterum</span> <span class='ocrx_word' id='word_1_43' title='bbox 1002 594 1101 645; x_wconf 85' lang='lat' dir='ltr'>aput</span> <span class='ocrx_word' id='word_1_44' title='bbox 1123 595 1293 633; x_wconf 87' lang='lat' dir='ltr'>matrem</span> <span class='ocrx_word' id='word_1_45' title='bbox 1323 592 1430 632; x_wconf 90' lang='lat' dir='ltr'>domi</span> <span class='ocrx_word' id='word_1_46' title='bbox 1445 591 1509 644; x_wconf 84' lang='lat'>¹).</span> 
     </span>
     <span class='ocr_line' id='line_1_9' title="bbox 173 644 1126 716; baseline 0.001 -13"><span class='ocrx_word' id='word_1_47' title='bbox 173 661 289 716; x_wconf 84' lang='lat' dir='ltr'>Capt.</span> <span class='ocrx_word' id='word_1_48' title='bbox 323 644 373 701; x_wconf 90' lang='grc'>11</span> <span class='ocrx_word' id='word_1_49' title='bbox 405 663 532 714; x_wconf 85' lang='lat' dir='ltr'>negat</span> <span class='ocrx_word' id='word_1_50' title='bbox 558 662 694 703; x_wconf 83' lang='lat' dir='ltr'>hercle</span> <span class='ocrx_word' id='word_1_51' title='bbox 723 675 820 703; x_wconf 82' lang='lat' dir='ltr'>vero</span> <span class='ocrx_word' id='word_1_52' title='bbox 849 662 924 703; x_wconf 81' lang='lat' dir='ltr'>ille</span> <span class='ocrx_word' id='word_1_53' title='bbox 950 662 1126 704; x_wconf 87' lang='lat' dir='ltr'>ultimus</span> 
     </span>
     <span class='ocr_line' id='line_1_10' title="bbox 177 731 1382 785; baseline 0.001 -12"><span class='ocrx_word' id='word_1_54' title='bbox 177 733 270 773; x_wconf 84' lang='lat' dir='ltr'><strong>ibid.</strong></span> <span class='ocrx_word' id='word_1_55' title='bbox 306 734 418 772; x_wconf 88' lang='grc'><strong>1016</strong></span> <span class='ocrx_word' id='word_1_56' title='bbox 450 731 674 772; x_wconf 71' lang='lat' dir='ltr'>adduxtine</span> <span class='ocrx_word' id='word_1_57' title='bbox 704 732 826 773; x_wconf 79' lang='lat' dir='ltr'>illum</span> <span class='ocrx_word' id='word_1_58' title='bbox 855 733 1057 785; x_wconf 86' lang='lat' dir='ltr'>captivom</span> <span class='ocrx_word' id='word_1_59' title='bbox 1086 733 1207 774; x_wconf 92' lang='lat' dir='ltr'>huius</span> <span class='ocrx_word' id='word_1_60' title='bbox 1229 733 1382 774; x_wconf 88' lang='lat' dir='ltr'>filium?</span> 
     </span>
     <span class='ocr_line' id='line_1_11' title="bbox 177 802 1422 854; baseline 0.001 -12"><span class='ocrx_word' id='word_1_61' title='bbox 177 802 287 842; x_wconf 83' lang='lat' dir='ltr'>Pers.</span> <span class='ocrx_word' id='word_1_62' title='bbox 320 804 402 842; x_wconf 84' lang='lat'>725</span> <span class='ocrx_word' id='word_1_63' title='bbox 434 815 491 854; x_wconf 84' lang='lat' dir='ltr'>sq.</span> <span class='ocrx_word' id='word_1_64' title='bbox 523 815 629 841; x_wconf 90' lang='lat' dir='ltr'>nunc</span> <span class='ocrx_word' id='word_1_65' title='bbox 660 803 726 841; x_wconf 89' lang='lat' dir='ltr'>est</span> <span class='ocrx_word' id='word_1_66' title='bbox 749 802 828 842; x_wconf 71' lang='lat' dir='ltr'>illa</span> <span class='ocrx_word' id='word_1_67' title='bbox 856 802 1011 842; x_wconf 82' lang='lat' dir='ltr'>occasio</span> <span class='ocrx_word' id='word_1_68' title='bbox 1041 802 1244 843; x_wconf 90' lang='lat' dir='ltr'>inimicum</span> <span class='ocrx_word' id='word_1_69' title='bbox 1273 803 1422 843; x_wconf 79' lang='lat' dir='ltr'>ulcisci.</span> 
     </span>
    </p>
   </div>
   <div class='ocr_carea' id='block_1_5' title="bbox 614 940 1187 991">
    <p class='ocr_par' dir='ltr' id='par_1_5' title="bbox 614 940 1187 991">
     <span class='ocr_line' id='line_1_12' title="bbox 614 940 1187 991; baseline 0.003 -11"><span class='ocrx_word' id='word_1_70' title='bbox 614 941 655 991; x_wconf 90' lang='lat' dir='ltr'>b)</span> <span class='ocrx_word' id='word_1_71' title='bbox 716 940 787 980; x_wconf 90' lang='lat' dir='ltr'>De</span> <span class='ocrx_word' id='word_1_72' title='bbox 832 941 1131 982; x_wconf 79' lang='lat' dir='ltr'>adieetivis.</span> <span class='ocrx_word' id='word_1_73' title='bbox 1182 941 1187 949; x_wconf 63' lang='lat'>²</span> 
     </span>
    </p>
   </div>
   <div class='ocr_carea' id='block_1_6' title="bbox 169 1026 1649 1163">
    <p class='ocr_par' dir='ltr' id='par_1_6' title="bbox 169 1026 1649 1163">
     <span class='ocr_line' id='line_1_13' title="bbox 313 1026 1633 1074; baseline 0 -1"><span class='ocrx_word' id='word_1_74' title='bbox 313 1036 348 1073; x_wconf 90' lang='lat'>1.</span> <span class='ocrx_word' id='word_1_75' title='bbox 410 1031 650 1073; x_wconf 79' lang='lat' dir='ltr'>Declinatio.</span> <span class='ocrx_word' id='word_1_76' title='bbox 720 1026 1026 1073; x_wconf 69' lang='lat' dir='ltr'>Adiectiv‘orum</span> <span class='ocrx_word' id='word_1_77' title='bbox 1075 1031 1378 1074; x_wconf 84' lang='lat' dir='ltr'>declinationem</span> <span class='ocrx_word' id='word_1_78' title='bbox 1426 1031 1575 1073; x_wconf 84' lang='lat' dir='ltr'>mutari</span> <span class='ocrx_word' id='word_1_79' title='bbox 1624 1030 1633 1055; x_wconf 67' lang='lat'><em>³</em></span> 
     </span>
     <span class='ocr_line' id='line_1_14' title="bbox 169 1097 1649 1163; baseline 0 -20"><span class='ocrx_word' id='word_1_80' title='bbox 169 1116 294 1157; x_wconf 83' lang='lat' dir='ltr'>supra</span> <span class='ocrx_word' id='word_1_81' title='bbox 323 1105 363 1143; x_wconf 91' lang='lat' dir='ltr'>in</span> <span class='ocrx_word' id='word_1_82' title='bbox 396 1104 527 1157; x_wconf 91' lang='lat' dir='ltr'>capite</span> <span class='ocrx_word' id='word_1_83' title='bbox 553 1103 603 1143; x_wconf 91' lang='lat' dir='ltr'>de</span> <span class='ocrx_word' id='word_1_84' title='bbox 634 1104 900 1144; x_wconf 83' lang='lat' dir='ltr'>substantivis</span> <span class='ocrx_word' id='word_1_85' title='bbox 928 1097 1283 1144; x_wconf 86' lang='lat' dir='ltr'>commemoratum</span> <span class='ocrx_word' id='word_1_86' title='bbox 1313 1107 1387 1144; x_wconf 91' lang='lat' dir='ltr'>est.</span> <span class='ocrx_word' id='word_1_87' title='bbox 1427 1104 1574 1163; x_wconf 80' lang='lat' dir='ltr'>Itaque</span> <span class='ocrx_word' id='word_1_88' title='bbox 1647 1129 1649 1131; x_wconf 90' lang='lat'><em>-</em></span> 
     </span>
    </p>
   </div>
   <div class='ocr_carea' id='block_1_7' title="bbox 155 1169 1610 1646">
    <p class='ocr_par' dir='ltr' id='par_1_7' title="bbox 155 1169 1579 1506">
     <span class='ocr_line' id='line_1_15' title="bbox 168 1169 1574 1227; baseline 0 -14"><span class='ocrx_word' id='word_1_89' title='bbox 168 1186 223 1213; x_wconf 79' lang='lat' dir='ltr'>ex</span> <span class='ocrx_word' id='word_1_90' title='bbox 251 1173 373 1213; x_wconf 85' lang='lat' dir='ltr'>tertia</span> <span class='ocrx_word' id='word_1_91' title='bbox 402 1173 444 1212; x_wconf 93' lang='lat' dir='ltr'>in</span> <span class='ocrx_word' id='word_1_92' title='bbox 474 1173 693 1213; x_wconf 88' lang='lat' dir='ltr'>secundam</span> <span class='ocrx_word' id='word_1_93' title='bbox 714 1173 782 1213; x_wconf 85' lang='lat' dir='ltr'>vel</span> <span class='ocrx_word' id='word_1_94' title='bbox 811 1174 981 1227; x_wconf 86' lang='lat' dir='ltr'>primam</span> <span class='ocrx_word' id='word_1_95' title='bbox 1011 1174 1319 1214; x_wconf 83' lang='lat' dir='ltr'><strong>declinationem</strong></span> <span class='ocrx_word' id='word_1_96' title='bbox 1349 1169 1574 1224; x_wconf 86' lang='lat' dir='ltr'>transeunt,</span> 
     </span>
     <span class='ocr_line' id='line_1_16' title="bbox 168 1228 1579 1298; baseline 0.001 -15"><span class='ocrx_word' id='word_1_97' title='bbox 168 1244 235 1283; x_wconf 87' lang='lat' dir='ltr'>vel</span> <span class='ocrx_word' id='word_1_98' title='bbox 273 1241 421 1284; x_wconf 87' lang='lat' dir='ltr'>contra.</span> <span class='ocrx_word' id='word_1_99' title='bbox 508 1243 630 1297; x_wconf 88' lang='lat' dir='ltr'><strong>Apud</strong></span> <span class='ocrx_word' id='word_1_100' title='bbox 665 1243 854 1283; x_wconf 88' lang='lat' dir='ltr'>Plautum</span> <span class='ocrx_word' id='word_1_101' title='bbox 891 1241 1025 1298; x_wconf 76' lang='lat' dir='ltr'>prisca</span> <span class='ocrx_word' id='word_1_102' title='bbox 1062 1244 1190 1284; x_wconf 86' lang='lat' dir='ltr'>forma.</span> <span class='ocrx_word' id='word_1_103' title='bbox 1229 1228 1362 1284; x_wconf 65' lang='lat' dir='ltr'>sacres</span> <span class='ocrx_word' id='word_1_104' title='bbox 1391 1259 1438 1277; x_wconf 90' lang='lat'>=</span> <span class='ocrx_word' id='word_1_105' title='bbox 1467 1237 1579 1284; x_wconf 76' lang='lat' dir='ltr'>sueri</span> 
     </span>
     <span class='ocr_line' id='line_1_17' title="bbox 168 1309 1573 1366; baseline 0 -13"><span class='ocrx_word' id='word_1_106' title='bbox 168 1314 230 1353; x_wconf 89' lang='lat' dir='ltr'>bis</span> <span class='ocrx_word' id='word_1_107' title='bbox 261 1313 430 1365; x_wconf 86' lang='lat' dir='ltr'>legitur:</span> <span class='ocrx_word' id='word_1_108' title='bbox 466 1312 572 1353; x_wconf 90' lang='lat' dir='ltr'>Men.</span> <span class='ocrx_word' id='word_1_109' title='bbox 608 1315 703 1353; x_wconf 90' lang='grc'><strong>290.</strong></span> <span class='ocrx_word' id='word_1_110' title='bbox 763 1312 869 1353; x_wconf 91' lang='lat' dir='ltr'>Rud.</span> <span class='ocrx_word' id='word_1_111' title='bbox 903 1315 1026 1353; x_wconf 82' lang='lat'>1208.</span> <span class='ocrx_word' id='word_1_112' title='bbox 1096 1309 1201 1353; x_wconf 86' lang='lat' dir='ltr'>Item</span> <span class='ocrx_word' id='word_1_113' title='bbox 1241 1313 1283 1353; x_wconf 89' lang='lat' dir='ltr'>in</span> <span class='ocrx_word' id='word_1_114' title='bbox 1312 1312 1466 1366; x_wconf 86' lang='lat' dir='ltr'>linguis</span> <span class='ocrx_word' id='word_1_115' title='bbox 1491 1310 1573 1365; x_wconf 70' lang='lat' dir='ltr'>Rp-</span> 
     </span>
     <span class='ocr_line' id='line_1_18' title="bbox 167 1372 1572 1437; baseline -0.001 -15"><span class='ocrx_word' id='word_1_116' title='bbox 167 1383 359 1433; x_wconf 89' lang='lat' dir='ltr'>manicis,</span> <span class='ocrx_word' id='word_1_117' title='bbox 388 1396 421 1423; x_wconf 91' lang='lat' dir='ltr'>e.</span> <span class='ocrx_word' id='word_1_118' title='bbox 455 1396 486 1423; x_wconf 89' lang='lat' dir='ltr'>c.</span> <span class='ocrx_word' id='word_1_119' title='bbox 510 1383 613 1436; x_wconf 86' lang='lat' dir='ltr'><strong>hisp.</strong></span> <span class='ocrx_word' id='word_1_120' title='bbox 633 1382 778 1436; x_wconf 82' lang='lat' dir='ltr'>firme,</span> <span class='ocrx_word' id='word_1_121' title='bbox 811 1383 938 1434; x_wconf 64' lang='lat' dir='ltr'>libre,</span> <span class='ocrx_word' id='word_1_122' title='bbox 962 1384 1102 1437; x_wconf 76' lang='lat' dir='ltr'>piyre,</span> <span class='ocrx_word' id='word_1_123' title='bbox 1108 1379 1110 1385; x_wconf 86' lang='grc'><strong>’</strong></span> <span class='ocrx_word' id='word_1_124' title='bbox 1131 1382 1239 1423; x_wconf 88' lang='lat' dir='ltr'>lusit</span> <span class='ocrx_word' id='word_1_125' title='bbox 1269 1372 1461 1433; x_wconf 69' lang='lat' dir='ltr'>contente,</span> <span class='ocrx_word' id='word_1_126' title='bbox 1490 1380 1572 1422; x_wconf 88' lang='lat' dir='ltr'>ital.</span> 
     </span>
     <span class='ocr_line' id='line_1_19' title="bbox 155 1452 928 1506; baseline 0 -13"><span class='ocrx_word' id='word_1_127' title='bbox 155 1452 440 1506; x_wconf 77' lang='lat' dir='ltr'>fraudolente;</span> <span class='ocrx_word' id='word_1_128' title='bbox 469 1453 533 1493; x_wconf 89' lang='lat' dir='ltr'>cf.</span> <span class='ocrx_word' id='word_1_129' title='bbox 546 1452 659 1503; x_wconf 89' lang='lat' dir='ltr'>Diez‚</span> <span class='ocrx_word' id='word_1_130' title='bbox 686 1466 746 1505; x_wconf 83' lang='lat' dir='ltr'>gr.</span> <span class='ocrx_word' id='word_1_131' title='bbox 778 1453 832 1493; x_wconf 92' lang='grc' dir='ltr'>ΙΙ.</span> <span class='ocrx_word' id='word_1_132' title='bbox 861 1454 928 1493; x_wconf 87' lang='grc'>58.</span> 
     </span>
    </p>

    <p class='ocr_par' dir='ltr' id='par_1_8' title="bbox 166 1521 1610 1646">
     <span class='ocr_line' id='line_1_20' title="bbox 310 1521 1572 1578; baseline -0.001 -15"><span class='ocrx_word' id='word_1_133' title='bbox 310 1526 346 1563; x_wconf 89' lang='grc'>2.</span> <span class='ocrx_word' id='word_1_134' title='bbox 405 1522 669 1578; x_wconf 78' lang='lat' dir='ltr'>Comparatzo.</span> <span class='ocrx_word' id='word_1_135' title='bbox 741 1521 799 1563; x_wconf 85' lang='lat' dir='ltr'>Ut</span> <span class='ocrx_word' id='word_1_136' title='bbox 836 1522 1002 1576; x_wconf 84' lang='lat' dir='ltr'>linguae</span> <span class='ocrx_word' id='word_1_137' title='bbox 1033 1523 1259 1576; x_wconf 82' lang='lat' dir='ltr'>analyticae</span> <span class='ocrx_word' id='word_1_138' title='bbox 1294 1522 1478 1575; x_wconf 86' lang='lat' dir='ltr'>singulas</span> <span class='ocrx_word' id='word_1_139' title='bbox 1509 1534 1572 1563; x_wconf 86' lang='lat' dir='ltr'>ra-</span> 
     </span>
     <span class='ocr_line' id='line_1_21' title="bbox 166 1586 1610 1646; baseline -0.001 -13"><span class='ocrx_word' id='word_1_140' title='bbox 166 1594 297 1634; x_wconf 89' lang='lat' dir='ltr'>tiones</span> <span class='ocrx_word' id='word_1_141' title='bbox 336 1593 701 1633; x_wconf 82' lang='lat' dir='ltr'>circumscribendo</span> <span class='ocrx_word' id='word_1_142' title='bbox 739 1606 813 1646; x_wconf 83' lang='lat' dir='ltr'>per</span> <span class='ocrx_word' id='word_1_143' title='bbox 852 1606 973 1633; x_wconf 88' lang='lat' dir='ltr'>voces</span> <span class='ocrx_word' id='word_1_144' title='bbox 1013 1586 1232 1633; x_wconf 81' lang='lat' dir='ltr'>auxiliares</span> <span class='ocrx_word' id='word_1_145' title='bbox 1272 1592 1468 1643; x_wconf 88' lang='lat' dir='ltr'>indicant,</span> <span class='ocrx_word' id='word_1_146' title='bbox 1501 1589 1573 1632; x_wconf 70' lang='lat' dir='ltr'>ita</span> <span class='ocrx_word' id='word_1_147' title='bbox 1605 1636 1610 1639; x_wconf 49' lang='grc'><strong>,</strong></span> 
     </span>
    </p>
   </div>
   <div class='ocr_carea' id='block_1_8' title="bbox 163 1661 1612 2421">
    <p class='ocr_par' dir='ltr' id='par_1_9' title="bbox 165 1661 1612 2070">
     <span class='ocr_line' id='line_1_22' title="bbox 166 1661 1571 1717; baseline 0 -13"><span class='ocrx_word' id='word_1_148' title='bbox 166 1663 212 1704; x_wconf 83' lang='lat' dir='ltr'>fit</span> <span class='ocrx_word' id='word_1_149' title='bbox 254 1663 376 1704; x_wconf 86' lang='lat' dir='ltr'>etiam</span> <span class='ocrx_word' id='word_1_150' title='bbox 412 1663 454 1703; x_wconf 92' lang='lat' dir='ltr'>in</span> <span class='ocrx_word' id='word_1_151' title='bbox 497 1662 805 1717; x_wconf 88' lang='lat' dir='ltr'>comparatione.</span> <span class='ocrx_word' id='word_1_152' title='bbox 875 1661 1062 1716; x_wconf 84' lang='lat' dir='ltr'>Linguae</span> <span class='ocrx_word' id='word_1_153' title='bbox 1093 1661 1338 1703; x_wconf 85' lang='lat' dir='ltr'>Romanicae</span> <span class='ocrx_word' id='word_1_154' title='bbox 1366 1672 1571 1716; x_wconf 81' lang='lat' dir='ltr'>compara-</span> 
     </span>
     <span class='ocr_line' id='line_1_23' title="bbox 165 1724 1610 1787; baseline -0.001 -13"><span class='ocrx_word' id='word_1_155' title='bbox 165 1733 296 1775; x_wconf 82' lang='lat' dir='ltr'>tivum</span> <span class='ocrx_word' id='word_1_156' title='bbox 336 1736 378 1774; x_wconf 87' lang='lat' dir='ltr'>et</span> <span class='ocrx_word' id='word_1_157' title='bbox 419 1733 711 1787; x_wconf 85' lang='lat' dir='ltr'>superlativum</span> <span class='ocrx_word' id='word_1_158' title='bbox 749 1724 1100 1783; x_wconf 78' lang='lat' dir='ltr'>circumscribunt,</span> <span class='ocrx_word' id='word_1_159' title='bbox 1150 1733 1290 1786; x_wconf 89' lang='lat' dir='ltr'>paucis</span> <span class='ocrx_word' id='word_1_160' title='bbox 1301 1735 1310 1777; x_wconf 70' lang='grc' dir='ltr'>ζ,</span> <span class='ocrx_word' id='word_1_161' title='bbox 1322 1731 1468 1773; x_wconf 65' lang='lat' dir='ltr'>&#39;formis</span> <span class='ocrx_word' id='word_1_162' title='bbox 1502 1744 1571 1773; x_wconf 88' lang='lat' dir='ltr'>ex·</span> <span class='ocrx_word' id='word_1_163' title='bbox 1608 1761 1610 1763; x_wconf 78' lang='lat'>·</span> 
     </span>
     <span class='ocr_line' id='line_1_24' title="bbox 165 1794 1612 1866; baseline -0.002 -22"><span class='ocrx_word' id='word_1_164' title='bbox 165 1804 316 1858; x_wconf 87' lang='lat' dir='ltr'>ceptis,</span> <span class='ocrx_word' id='word_1_165' title='bbox 344 1815 445 1857; x_wconf 88' lang='lat' dir='ltr'>quas</span> <span class='ocrx_word' id='word_1_166' title='bbox 478 1815 500 1842; x_wconf 92' lang='lat' dir='ltr'>e</span> <span class='ocrx_word' id='word_1_167' title='bbox 527 1802 674 1843; x_wconf 87' lang='lat' dir='ltr'>Latina</span> <span class='ocrx_word' id='word_1_168' title='bbox 702 1802 844 1856; x_wconf 89' lang='lat' dir='ltr'>lingua</span> <span class='ocrx_word' id='word_1_169' title='bbox 873 1802 1173 1849; x_wconf 85' lang='lat' dir='ltr'>retinuerunt.</span> <span class='ocrx_word' id='word_1_170' title='bbox 1194 1801 1251 1842; x_wconf 79' lang='lat' dir='ltr'>Et</span> <span class='ocrx_word' id='word_1_171' title='bbox 1278 1802 1379 1841; x_wconf 86' lang='lat' dir='ltr'>haec</span> <span class='ocrx_word' id='word_1_172' title='bbox 1402 1794 1570 1866; x_wconf 64' lang='lat' dir='ltr'>&#39;quidem</span> <span class='ocrx_word' id='word_1_173' title='bbox 1609 1812 1612 1815; x_wconf 69' lang='grc'>“</span> 
     </span>
     <span class='ocr_line' id='line_1_25' title="bbox 165 1862 1571 1927; baseline -0.002 -12"><span class='ocrx_word' id='word_1_174' title='bbox 165 1875 268 1915; x_wconf 87' lang='lat' dir='ltr'>ratio</span> <span class='ocrx_word' id='word_1_175' title='bbox 309 1873 418 1927; x_wconf 90' lang='lat' dir='ltr'>plebi</span> <span class='ocrx_word' id='word_1_176' title='bbox 464 1873 619 1926; x_wconf 83' lang='lat' dir='ltr'>gratior</span> <span class='ocrx_word' id='word_1_177' title='bbox 656 1873 733 1914; x_wconf 85' lang='lat' dir='ltr'>fuit</span> <span class='ocrx_word' id='word_1_178' title='bbox 776 1873 818 1913; x_wconf 91' lang='lat' dir='ltr'>in</span> <span class='ocrx_word' id='word_1_179' title='bbox 857 1873 1129 1914; x_wconf 87' lang='lat' dir='ltr'>Romanorum</span> <span class='ocrx_word' id='word_1_180' title='bbox 1173 1880 1357 1913; x_wconf 86' lang='lat' dir='ltr'>sermone</span> <span class='ocrx_word' id='word_1_181' title='bbox 1407 1862 1571 1923; x_wconf 83' lang='lat' dir='ltr'>rustico,</span> 
     </span>
     <span class='ocr_line' id='line_1_26' title="bbox 165 1934 1570 2007; baseline -0.002 -23"><span class='ocrx_word' id='word_1_182' title='bbox 165 1944 325 1999; x_wconf 80' lang='lat' dir='ltr'>quoties</span> <span class='ocrx_word' id='word_1_183' title='bbox 373 1943 593 1998; x_wconf 90' lang='lat' dir='ltr'>secundum</span> <span class='ocrx_word' id='word_1_184' title='bbox 642 1940 828 1996; x_wconf 84' lang='lat' dir='ltr'>regulam</span> <span class='ocrx_word' id='word_1_185' title='bbox 864 1943 1108 1997; x_wconf 86' lang='lat' dir='ltr'>comparatio</span> <span class='ocrx_word' id='word_1_186' title='bbox 1155 1956 1229 1997; x_wconf 90' lang='lat' dir='ltr'>per</span> <span class='ocrx_word' id='word_1_187' title='bbox 1267 1934 1570 2007; x_wconf 85' lang='lat' dir='ltr'>terminationes</span> 
     </span>
     <span class='ocr_line' id='line_1_27' title="bbox 165 2013 1374 2071; baseline -0.001 -16"><span class='ocrx_word' id='word_1_188' title='bbox 165 2014 337 2070; x_wconf 87' lang='lat' dir='ltr'>exprimi</span> <span class='ocrx_word' id='word_1_189' title='bbox 362 2016 533 2071; x_wconf 84' lang='lat' dir='ltr'>poterat.</span> <span class='ocrx_word' id='word_1_190' title='bbox 592 2013 843 2069; x_wconf 85' lang='lat' dir='ltr'>Frequentat</span> <span class='ocrx_word' id='word_1_191' title='bbox 871 2015 970 2055; x_wconf 86' lang='lat' dir='ltr'>talia</span> <span class='ocrx_word' id='word_1_192' title='bbox 998 2013 1203 2055; x_wconf 87' lang='lat' dir='ltr'>Plautus·</span> <span class='ocrx_word' id='word_1_193' title='bbox 1370 2013 1374 2019; x_wconf 84' lang='lat'>&#39;</span> 
     </span>
    </p>

    <p class='ocr_par' dir='ltr' id='par_1_10' title="bbox 166 2085 859 2140">
     <span class='ocr_line' id='line_1_28' title="bbox 166 2085 859 2140; baseline 0 -14"><span class='ocrx_word' id='word_1_194' title='bbox 166 2085 277 2127; x_wconf 86' lang='lat' dir='ltr'>Trin.</span> <span class='ocrx_word' id='word_1_195' title='bbox 309 2087 436 2128; x_wconf 88' lang='grc'><strong>1038</strong></span> <span class='ocrx_word' id='word_1_196' title='bbox 451 2087 584 2140; x_wconf 71' lang='lat' dir='ltr'>mayis</span> <span class='ocrx_word' id='word_1_197' title='bbox 612 2086 859 2127; x_wconf 71' lang='lat' dir='ltr'>obnoxiosae.</span> 
     </span>
    </p>

    <p class='ocr_par' dir='ltr' id='par_1_11' title="bbox 164 2156 819 2211">
     <span class='ocr_line' id='line_1_29' title="bbox 164 2156 819 2211; baseline -0.002 -14"><span class='ocrx_word' id='word_1_198' title='bbox 164 2156 247 2198; x_wconf 90' lang='lat' dir='ltr'>Mil.</span> <span class='ocrx_word' id='word_1_199' title='bbox 280 2156 335 2209; x_wconf 87' lang='lat' dir='ltr'>gl.</span> <span class='ocrx_word' id='word_1_200' title='bbox 365 2157 477 2197; x_wconf 90' lang='lat'>1086</span> <span class='ocrx_word' id='word_1_201' title='bbox 508 2157 640 2211; x_wconf 64' lang='lat' dir='ltr'>magis</span> <span class='ocrx_word' id='word_1_202' title='bbox 661 2156 819 2210; x_wconf 76' lang='lat' dir='ltr'>pulcer.</span> 
     </span>
    </p>

    <p class='ocr_par' dir='ltr' id='par_1_12' title="bbox 163 2225 715 2281">
     <span class='ocr_line' id='line_1_30' title="bbox 163 2225 715 2281; baseline -0.004 -13"><span class='ocrx_word' id='word_1_203' title='bbox 163 2225 286 2268; x_wconf 87' lang='lat' dir='ltr'>Most.</span> <span class='ocrx_word' id='word_1_204' title='bbox 319 2228 402 2267; x_wconf 83' lang='grc'>197</span> <span class='ocrx_word' id='word_1_205' title='bbox 431 2228 564 2281; x_wconf 64' lang='lat' dir='ltr'>magis</span> <span class='ocrx_word' id='word_1_206' title='bbox 590 2239 715 2281; x_wconf 75' lang='lat' dir='ltr'>saepe.</span> 
     </span>
    </p>

    <p class='ocr_par' dir='ltr' id='par_1_13' title="bbox 164 2293 926 2351">
     <span class='ocr_line' id='line_1_31' title="bbox 164 2293 926 2351; baseline -0.004 -12"><span class='ocrx_word' id='word_1_207' title='bbox 164 2296 262 2339; x_wconf 82' lang='lat' dir='ltr'>Cist.</span> <span class='ocrx_word' id='word_1_208' title='bbox 293 2295 326 2337; x_wconf 91' lang='grc' dir='ltr'>Ι.</span> <span class='ocrx_word' id='word_1_209' title='bbox 353 2300 389 2336; x_wconf 91' lang='grc'>1.</span> <span class='ocrx_word' id='word_1_210' title='bbox 422 2297 479 2336; x_wconf 92' lang='grc'>80</span> <span class='ocrx_word' id='word_1_211' title='bbox 508 2298 640 2351; x_wconf 72' lang='lat' dir='ltr'>mayis</span> <span class='ocrx_word' id='word_1_212' title='bbox 667 2293 926 2338; x_wconf 77' lang='lat' dir='ltr'>conducibile.</span> 
     </span>
    </p>

    <p class='ocr_par' dir='ltr' id='par_1_14' title="bbox 163 2356 767 2421">
     <span class='ocr_line' id='line_1_32' title="bbox 163 2356 767 2421; baseline -0.003 -12"><span class='ocrx_word' id='word_1_213' title='bbox 163 2356 256 2409; x_wconf 72' lang='grc'><strong>111111.</strong></span> <span class='ocrx_word' id='word_1_214' title='bbox 282 2366 314 2407; x_wconf 94' lang='grc' dir='ltr'>Ι.</span> <span class='ocrx_word' id='word_1_215' title='bbox 348 2369 385 2407; x_wconf 91' lang='grc'>2.</span> <span class='ocrx_word' id='word_1_216' title='bbox 415 2369 439 2406; x_wconf 91' lang='grc'><strong>9</strong></span> <span class='ocrx_word' id='word_1_217' title='bbox 466 2368 599 2421; x_wconf 66' lang='lat' dir='ltr'>magis</span> <span class='ocrx_word' id='word_1_218' title='bbox 625 2366 767 2409; x_wconf 80' lang='lat' dir='ltr'>libera.</span> 
     </span>
    </p>
   </div>
   <div class='ocr_carea' id='block_1_9' title="bbox 167 2465 440 2473">
    <p class='ocr_par' dir='ltr' id='par_1_15' title="bbox 167 2465 440 2473">
     <span class='ocr_line' id='line_1_33' title="bbox 167 2465 440 2473; baseline 0 0"><span class='ocrx_word' id='word_1_219' title='bbox 167 2465 440 2473; x_wconf 95' lang='lat' dir='ltr'> </span> 
     </span>
    </p>
   </div>
   <div class='ocr_carea' id='block_1_10' title="bbox 164 2583 363 2616">
    <p class='ocr_par' dir='ltr' id='par_1_16' title="bbox 164 2583 363 2616">
     <span class='ocr_line' id='line_1_34' title="bbox 164 2583 363 2616; baseline 0.011 -5"><span class='ocrx_word' id='word_1_220' title='bbox 164 2583 254 2613; x_wconf 85' lang='lat' dir='ltr'>ctum</span> <span class='ocrx_word' id='word_1_221' title='bbox 279 2584 363 2616; x_wconf 82' lang='lat' dir='ltr'>erat.</span> 
     </span>
    </p>
   </div>
   <div class='ocr_carea' id='block_1_11' title="bbox 1180 2748 1741 2936">
    <p class='ocr_par' dir='ltr' id='par_1_17' title="bbox 1180 2748 1741 2936">
     <span class='ocr_line' id='line_1_35' title="bbox 1180 2748 1741 2936; baseline 0 0"><span class='ocrx_word' id='word_1_222' title='bbox 1180 2748 1741 2936; x_wconf 95' lang='lat' dir='ltr'> </span> 
     </span>
    </p>
   </div>
   <div class='ocr_carea' id='block_1_12' title="bbox 308 2496 1741 2579">
    <p class='ocr_par' dir='ltr' id='par_1_18' title="bbox 308 2496 1741 2579">
     <span class='ocr_line' id='line_1_36' title="bbox 308 2496 1741 2579; baseline 0.009 -24"><span class='ocrx_word' id='word_1_223' title='bbox 308 2523 342 2565; x_wconf 92' lang='lat'>1)</span> <span class='ocrx_word' id='word_1_224' title='bbox 367 2523 479 2556; x_wconf 86' lang='lat' dir='ltr'>Aliter</span> <span class='ocrx_word' id='word_1_225' title='bbox 511 2534 566 2557; x_wconf 87' lang='lat' dir='ltr'>res</span> <span class='ocrx_word' id='word_1_226' title='bbox 591 2534 627 2556; x_wconf 88' lang='lat' dir='ltr'>se</span> <span class='ocrx_word' id='word_1_227' title='bbox 651 2523 755 2557; x_wconf 86' lang='lat' dir='ltr'>habet</span> <span class='ocrx_word' id='word_1_228' title='bbox 781 2523 862 2579; x_wconf 68' lang='lat' dir='ltr'>ibid,</span> <span class='ocrx_word' id='word_1_229' title='bbox 898 2535 928 2560; x_wconf 84' lang='lat' dir='ltr'>v,</span> <span class='ocrx_word' id='word_1_230' title='bbox 954 2526 998 2556; x_wconf 83' lang='lat'>40</span> <span class='ocrx_word' id='word_1_231' title='bbox 1024 2534 1094 2566; x_wconf 86' lang='lat' dir='ltr'><strong>sq.‚</strong></span> <span class='ocrx_word' id='word_1_232' title='bbox 1128 2522 1186 2555; x_wconf 91' lang='lat' dir='ltr'>ubi</span> <span class='ocrx_word' id='word_1_233' title='bbox 1219 2521 1286 2554; x_wconf 81' lang='lat' dir='ltr'>iam</span> <span class='ocrx_word' id='word_1_234' title='bbox 1313 2521 1353 2555; x_wconf 86' lang='lat' dir='ltr'>de</span> <span class='ocrx_word' id='word_1_235' title='bbox 1385 2521 1495 2561; x_wconf 65' lang='lat' dir='ltr'>altero</span> <span class='ocrx_word' id='word_1_236' title='bbox 1518 2520 1610 2576; x_wconf 32' lang='lat'>31⁶.</span> <span class='ocrx_word' id='word_1_237' title='bbox 1646 2497 1661 2531; x_wconf 26' lang='grc' dir='ltr'><strong>Ι</strong></span> <span class='ocrx_word' id='word_1_238' title='bbox 1739 2496 1741 2499; x_wconf 79' lang='lat'>·</span> 
     </span>
    </p>
   </div>
  </div>
 </body>
</html>
